@inproceedings{huang:2006,
 year=2006,
 author={Liang Huang and Kevin Knight and Aravind Joshi},
 title={Statistical Syntax-Directed Translation with Extended Domain of Locality},
 booktitle={Proc. of AMTA},
}

@article{graehl:2008,
 year=2008,
 author={Jonathan Graehl and Kevin Knight and Jonathan May},
 title={Training Tree Transducers},
 journal={Computational Linguistics},
 volume=34,
 number=3,}

@article{rounds:1970,
 year=1970,
 author={William C. Rounds},
 title={Mappings and grammars on trees},
 journal={Mathematical Systems Theory},
 volume=4,
 number=3,
 pages={257--287},}

@article{thatcher:1970,
 year=1970,
 author={James W. Thatcher},
 title={Generalized sequential machine maps},
 journal={Journal of Computer and System Sciences},
 volume=4,
 pages={339--367}}

@inproceedings{teh:2006,
 title={A Hierarchical {Bayesian} Language Model based on {Pitman}--{Yor} Processes},
 author={Teh, Yee Whye},
 year=2006,
 booktitle={Proc. of ACL}}

@inproceedings{vogel:1996,
        author = {Vogel, Stephan   and Ney, Hermann   and Tillmann, Christoph},
        booktitle = {Proc. of COLING},
        title = {{HMM}-based word alignment in statistical translation},
        year = 1996
}

@article{chiang:2007,
        Author = {David Chiang},
        Journal = {Computational Linguistics},
        Title = {Hierarchical Phrase-Based Translation},
        Year = {2007}}

@inproceedings{koehn:2003,
        Author = {Philipp Koehn and Franz J. Och and Daniel Marcu},
        Booktitle = {Proc. of NAACL},
        Title = {Statistical phrase-based translation},
        Year = {2003}}

@inproceedings{hasler:2014,
 year=2014,
 booktitle={Proc. of EACL},
 title={Dynamic Topic Adaptation for Phrase-based {MT}},
 author={Eva Hasler and Phil Blunsom and Philipp Koehn and Barry Haddow}
}

@misc{porter2001snowball,
  title={Snowball: A language for stemming algorithms},
  author={Porter, Martin F.},
  year={2002}
}

@article{hasler2011margin,
  title={Margin infused relaxed algorithm for {Moses}},
  author={Hasler, Eva and Haddow, Barry and Koehn, Philipp},
  journal={The Prague Bulletin of Mathematical Linguistics},
  year={2011},
}

@inproceedings{fastalign,
  title={A simple, fast, and effective reparameterization of {IBM} Model 2},
  author={Dyer, Chris and Chahuneau, Victor and Smith, Noah A},
  booktitle={Proc. of NAACL},
  year={2013}
}

@inproceedings{och-EtAl:2004:HLTNAACL,
    author = {Och, Franz J. and Gildea, Daniel and Khudanpur, Sanjeev and Sarkar, Anoop and Yamada, Kenji and Fraser, Alex and Kumar, Shankar and Shen, Libin and Smith, David and Eng, Katherine and Jain, Viren and Jin, Zhen and Radev, Dragomir},
    booktitle = {Proc. of NAACL},
    title = {A Smorgasbord of Features for Statistical Machine Translation},
    year = {2004}
}

@inproceedings{tam-lane-schultz:2007:ACLMain,
    author = {Tam, Yik C. and Lane, Ian and Schultz, Tanja},
    booktitle = {Proc. of ACL},
    pages = {520--527},
    title = {Bilingual-{LSA} Based {LM} Adaptation for Spoken Language Translation},
    year = {2007}
}

@inproceedings{Mimno_polylingualtopic,
    author = {David Mimno and Hanna M. Wallach and Jason Naradowsky and David A. Smith and Andrew McCallum},
    title = {Polylingual Topic Models},
    year = 2009,
}

@inproceedings{ruiz-federico:2011:WMT,
    author = {Ruiz, Nick and Federico, Marcello},
    booktitle = {Proc. of WMT},
    title = {Topic Adaptation for Lecture Translation through Bilingual Latent Semantic Models}, 
    year = {2011}
}

@inproceedings{Eidelman:2012:TMD:2390665.2390694,
 author = {Eidelman, Vladimir and Boyd-Graber, Jordan and Resnik, Philip},
 title = {Topic models for dynamic translation model adaptation},
 booktitle = {Proc. of ACL},
 year = {2012},
} 

@INPROCEEDINGS{Zhao06bitam:bilingual,
 author = {Zhao, Bing and Xing, Eric P.},
 title = {{BiTAM}: bilingual topic admixture models for word alignment},
 booktitle = {Proc. of ACL},
 year = {2006},
}

@article{yadollahpourdiscriminative,
  title  =  {Discriminative Re-ranking of Diverse Segmentations},
  author = {Yadollahpour, Payman and Batra, Dhruv and Shakhnarovich, Gregory},
  year   = {2013}
}

@inproceedings{ontonotes,
  author = {Hovy, Eduard H. and Marcus, Mitchell P. and Palmer, Martha and Ramshaw, Lance A. and Weischedel, Ralph M.},
  booktitle = {Proc. of NAACL},
  title = {OntoNotes: The 90\% Solution},
  year = 2006
}

@inproceedings{yao2011nonparametric,
  title={Nonparametric {Bayesian} Word Sense Induction},
  author={Yao, Xuchen and Van Durme, Benjamin},
  year={2011}
}

@phdthesis{lyse2011translation,
  title={Translation-based Word Sense Disambiguation},
  author={Lyse, Gunn Inger},
  year={2011},
  school={The University of Bergen}
}

@inproceedings{brody2009bayesian,
  title={{Bayesian} word sense induction},
  author={Brody, Samuel and Lapata, Mirella},
  booktitle={Proc. of EACL},
  pages={103--111},
  year={2009},
}

@inproceedings{gale1992one,
  title={One sense per discourse},
  author={Gale, William A. and Church, Kenneth W. and Yarowsky, David},
  booktitle={Proceedings of the workshop on Speech and Natural Language},
  year={1992},
}

@article{och2003systematic,
  title={A systematic comparison of various statistical alignment models},
  author={Och, Franz Josef and Ney, Hermann},
  journal={Computational Linguistics},
  year={2003},
}

@article{blei2003latent,
  title={Latent {Dirichlet} allocation},
  author={Blei, David M. and Ng, Andrew Y. and Jordan, Michael I.},
  journal={JMLR},
  year={2003},
}

@article{gale1992method,
  title={A method for disambiguating word senses in a large corpus},
  author={Gale, William A. and Church, Kenneth W. and Yarowsky, David},
  journal={Computers and the Humanities},
  year={1992},
}

@article{pitman1997two,
  title={The two-parameter {Poisson}-{Dirichlet} distribution derived from a stable subordinator},
  author={Pitman, Jim and Yor, Marc},
  journal={The Annals of Probability},
  year={1997},
}

@inproceedings{cherry2012batch,
  title={Batch tuning strategies for statistical machine translation},
  author={Cherry, Colin and Foster, George},
  booktitle={Proc. of NAACL},
  year={2012},
}

@inproceedings{Dyer_etal_2010,
  author={Chris Dyer and Adam Lopez
         and Juri Ganitkevitch and Johnathan Weese and Ferhan Ture
         and Phil Blunsom and Hendra Setiawan and Vladimir Eidelman and Philip Resnik},
  title={cdec: A Decoder, Alignment, and Learning framework for finite-state and context-free translation models},
  booktitle = {Proc. of ACL},
  year=2010,
}

@INPROCEEDINGS{czechwsj,
    author = {Martin \v{C}mejrek and Jan Haji\v{c} and Vladislav Kubo\v{n}},
    title = {Prague {Czech}--{English} Dependency Treebank: Syntactically Annotated Resources for Machine Translation},
    booktitle = {Proc. of EAMT},
    year = {2004},
}

@article{brown1993mathematics,
  title={The mathematics of statistical machine translation: Parameter estimation},
  author={Brown, Peter F. and Della Pietra, Vincent J. and Della Pietra, Stephen A. and Mercer, Robert L.},
  journal={Computational Linguistics},
  year=1993,
}

@article{hastings1970monte,
  title={Monte {Carlo} sampling methods using {Markov} chains and their applications},
  author={Hastings, W. Keith},
  journal={Biometrika},
  year={1970},
}

@inproceedings{diab2002unsupervised,
  title={An unsupervised method for word sense tagging using parallel corpora},
  author={Diab, Mona and Resnik, Philip},
  booktitle={Proceedings of the 40th Annual Meeting on Association for Computational Linguistics},
  year={2002}
}

@inproceedings{yao2012expectations,
  title={Expectations of word sense in parallel corpora},
  author={Yao, Xuchen and Van Durme, Benjamin and Callison-Burch, Chris},
  booktitle={Proceedings of the 2012 Conference of the North American Chapter of the Association for Computational Linguistics: Human Language Technologies},
  year={2012}
}

@article{goldwater2011producing,
  title={Producing power-law distributions and damping word frequencies with two-stage language models},
  author={Goldwater, Sharon and Griffiths, Thomas L and Johnson, Mark},
  journal={The Journal of Machine Learning Research},
  year={2011}
}

@article{goldwater2006interpolating,
  title={Interpolating between types and tokens by estimating power-law generators},
  author={Goldwater, Sharon and Griffiths, Tom and Johnson, Mark},
  year={2006}
}

@inproceedings{socher2013recursive,
  title={Recursive deep models for semantic compositionality over a sentiment treebank},
  author={Socher, Richard and Perelygin, Alex and Wu, Jean Y and Chuang, Jason and Manning, Christopher D and Ng, Andrew Y and Potts, Christopher},
  booktitle={Proceedings of the Conference on Empirical Methods in Natural Language Processing (EMNLP)},
  year={2013}
}


@article{kalchbrenner2013recurrent,
  title = "Recurrent Convolutional Neural Networks for Discourse Compositionality",
  author = "Kalchbrenner, Nal and Blunsom, Phil",
  year = "2013",
  journal = "Proceedings of the 2013 Workshop on Continuous Vector Space Models and their Compositionality",
}

@article{bbnpaper,
  title = "Fast and Robust Neural Network Joint Models for Statistical Machine Translation",
  author = "Devlin, Jacom and Zbib, Rabih and Huang, Zhongqiang and Lamar, Thomas and Schwartz, Richard and Makhoul, John",
  year ="2014"
}

@InProceedings{riley-gildea-acl12,
  author = {Darcey Riley and Daniel Gildea},
  title = {Improving the {IBM} Alignment Models Using {Variational Bayes}},
  booktitle = {Association for Computational Linguistics (ACL) short paper},
  year = {2012}
}

@inproceedings{johnson2009improving,
  title={Improving nonparameteric Bayesian inference: experiments on unsupervised word segmentation with adaptor grammars},
  author={Johnson, Mark and Goldwater, Sharon},
  booktitle={Proceedings of Human Language Technologies: The 2009 Annual Conference of the North American Chapter of the Association for Computational Linguistics},
  year={2009}
}

@incollection{chen2011sampling,
  title={Sampling table configurations for the hierarchical Poisson-Dirichlet process},
  author={Chen, Changyou and Du, Lan and Buntine, Wray},
  booktitle={Machine Learning and Knowledge Discovery in Databases},
  year={2011}
}

@article{neal2003slice,
  title={Slice sampling},
  author={Neal, Radford M},
  year={2003}
}

@inproceedings{Cohn2009,
 author = {Cohn, Trevor and Blunsom, Phil},
 title = {A Bayesian Model of Syntax-directed Tree to String Grammar Induction},
 booktitle = {Proceedings of the Conference on Empirical Methods in Natural Language Processing},
 year = {2009},
} 

@inproceedings{Galley2004,
  author    = {Michel Galley and
               Mark Hopkins and
               Kevin Knight and
               Daniel Marcu},
  title     = {What's in a translation rule?},
  booktitle = {HLT-NAACL},
  year      = {2004},
}

@incollection{Teh2010,
  author    = {Yee Whye Teh},
  title     = {Dirichlet Process},
  booktitle = {Encyclopedia of Machine Learning},
  year      = {2010},
  pages     = {280-287},
}

@inproceedings{hanneman2011general,
  title={A general-purpose rule extractor for SCFG-based machine translation},
  author={Hanneman, Greg and Burroughs, Michelle and Lavie, Alon},
  booktitle={Proceedings of the Fifth Workshop on Syntax, Semantics and Structure in Statistical Translation},
  pages={135--144},
  year={2011},
  organization={Association for Computational Linguistics}
}
